@article{Girolami2011,
abstract = {TeX output 2010.08.07:1209},
author = {Girolami, Mark and Calderhead, Ben},
file = {:home/baptiste/Documents/ENS Paris-Saclay/M2-MVA/Computational Statistics/Projet/10.1.1.472.3640.pdf:pdf},
issn = {05597765},
journal = {The Royal Statistical Society},
number = {1},
pages = {1--37},
title = {{Riemann manifold Langevin and Hamiltonian Monte Carlo methods}},
volume = {73},
year = {2011}
}
